<record><leader>00000cas a22000007a 4500</leader><controlfield tag="001">17719928</controlfield><controlfield tag="008">880331d18uu190uokudn ne      0    0eng d</controlfield><datafield ind1=" " ind2=" " tag="010"><subfield code="a">sn 89071022 </subfield></datafield><datafield ind1=" " ind2=" " tag="040"><subfield code="a">NYS</subfield><subfield code="b">eng</subfield><subfield code="c">NYS</subfield><subfield code="d">CNW</subfield><subfield code="d">OBN</subfield><subfield code="d">OCL</subfield><subfield code="d">OCLCQ</subfield><subfield code="d">OCLCF</subfield><subfield code="d">OCLCO</subfield></datafield><datafield ind1=" " ind2=" " tag="019"><subfield code="a">37288116</subfield></datafield><datafield ind1="1" ind2=" " tag="029"><subfield code="a">AU@</subfield><subfield code="b">000020224534</subfield></datafield><datafield ind1=" " ind2=" " tag="042"><subfield code="a">msc</subfield></datafield><datafield ind1=" " ind2=" " tag="043"><subfield code="a">n-us-ok</subfield></datafield><datafield ind1="0" ind2=" " tag="130"><subfield code="a">Daily capital (McAlester, Okla.)</subfield></datafield><datafield ind1="1" ind2="4" tag="245"><subfield code="a">The daily capital.</subfield></datafield><datafield ind1="3" ind2=" " tag="246"><subfield code="a">South McAlester daily capital</subfield></datafield><datafield ind1=" " ind2=" " tag="260"><subfield code="a">South McAlester, I.T. [Okla.] :</subfield><subfield code="b">Daily Capital Print. Co.</subfield></datafield><datafield ind1=" " ind2=" " tag="300"><subfield code="a">v.</subfield></datafield><datafield ind1=" " ind2=" " tag="310"><subfield code="a">Daily (except Sun.)</subfield></datafield><datafield ind1=" " ind2=" " tag="588"><subfield code="a">Description based on: Vol. 1, no. 81, (Nov. 17, 1896).</subfield></datafield><datafield ind1=" " ind2="0" tag="651"><subfield code="a">McAlester (Okla.)</subfield><subfield code="v">Newspapers.</subfield></datafield><datafield ind1=" " ind2="0" tag="651"><subfield code="a">Pittsburg County (Okla.)</subfield><subfield code="v">Newspapers.</subfield></datafield><datafield ind1=" " ind2="0" tag="651"><subfield code="a">Indian Territory</subfield><subfield code="v">Newspapers.</subfield></datafield><datafield ind1=" " ind2="7" tag="655"><subfield code="a">Newspapers.</subfield><subfield code="2">fast</subfield><subfield code="0">(OCoLC)fst01423814</subfield></datafield><datafield ind1=" " ind2="7" tag="651"><subfield code="a">Oklahoma</subfield><subfield code="z">Indian Territory.</subfield><subfield code="2">fast</subfield><subfield code="0">(OCoLC)fst01225150</subfield></datafield><datafield ind1=" " ind2="7" tag="651"><subfield code="a">Oklahoma</subfield><subfield code="z">McAlester.</subfield><subfield code="2">fast</subfield><subfield code="0">(OCoLC)fst01206630</subfield></datafield><datafield ind1=" " ind2="7" tag="651"><subfield code="a">Oklahoma</subfield><subfield code="z">Pittsburg County.</subfield><subfield code="2">fast</subfield><subfield code="0">(OCoLC)fst01203141</subfield></datafield><datafield ind1=" " ind2=" " tag="752"><subfield code="a">United States</subfield><subfield code="b">Oklahoma</subfield><subfield code="c">Pittsburg</subfield><subfield code="d">McAlester.</subfield></datafield><datafield ind1="0" ind2=" " tag="775"><subfield code="t">South McAlester capital</subfield><subfield code="w">(DLC)sn 97070056</subfield><subfield code="w">(OCoLC)37288156</subfield></datafield><datafield ind1="0" ind2="0" tag="785"><subfield code="t">McAlester daily capital</subfield><subfield code="w">(DLC)sn 95063963</subfield><subfield code="w">(OCoLC)32183071</subfield></datafield></record>